@article{fourier,
  author = {Boris Alexeev, Jameson Cahill, and Dustin G Mixon},
  title = {Full spark
    frames},
  journal = {Journal of Fourier Analysis and Applications},
  year = 2012,
  volume = {18},
  number = {6},
  pages = {1167--1194},
},

@book{finite,
  author = {Peter Casazza and Gitta Kutyniok},
  title = {Finite frames: Theory and
applications},
  publisher = {Springer},
  year = 2012
},

@book{lie,
  author = {Jacques Faraut},
  title = {Analysis on Lie groups: an introduction},
  publisher = {Cambridge University Press},
  year = 2008,
  volume = {110},
},

@article{preprint,
  author = {Vignon Oussa and Sophia Maniscalco},
  title = {Full spark frames arising from
one-parameter groups (preprint)},
},
